@book{ml,
    author = {L. Breiman},
    title = {Random Forests},
    publisher ={Machine Learning},
    year = {2001}
}
@book{ln,
    author = {T. Zhang, R. Johnson},
    title = {Learning nonlinear functions using regularized greedy forest},
    publisher = {IEEE Transactions on Pattern Analysis and Machine Intelligence},
    year = {2014}
}